% This file was created with Citavi 6.8.0.0

@misc{DavidSalomon.2011,
 author = {{David Salomon}},
 year = {2011},
 title = {The Computer Graphics Manual},
 url = {https://doi.org/10.1007/978-0-85729-886-7_15},
 address = {Northridge, USA},
 urldate = {5/27/2021}
}


